<record><leader>00000cas a2200000 a 4500</leader><controlfield tag="001">9547535</controlfield><controlfield tag="008">830526d18741887iaudn ne      0    0eng c</controlfield><datafield ind1=" " ind2=" " tag="010"><subfield code="a">sn 83045647 </subfield></datafield><datafield ind1=" " ind2=" " tag="040"><subfield code="a">CRL</subfield><subfield code="b">eng</subfield><subfield code="c">CRL</subfield><subfield code="d">NPW</subfield><subfield code="d">NPX</subfield><subfield code="d">INP</subfield><subfield code="d">OCLCQ</subfield><subfield code="d">IUL</subfield><subfield code="d">OCLCF</subfield></datafield><datafield ind1=" " ind2=" " tag="042"><subfield code="a">msc</subfield></datafield><datafield ind1=" " ind2=" " tag="043"><subfield code="a">n-us-ia</subfield></datafield><datafield ind1="0" ind2=" " tag="130"><subfield code="a">Davenport Democrat (Davenport, Iowa : 1874)</subfield></datafield><datafield ind1="1" ind2="0" tag="245"><subfield code="a">Davenport Democrat.</subfield></datafield><datafield ind1="3" ind2="0" tag="246"><subfield code="a">Davenport Sunday Democrat</subfield></datafield><datafield ind1="1" ind2="3" tag="246"><subfield code="a">Daily Democrat</subfield></datafield><datafield ind1=" " ind2=" " tag="260"><subfield code="a">Davenport, Iowa :</subfield><subfield code="b">Richardson Bros.,</subfield><subfield code="c">1874-1887.</subfield></datafield><datafield ind1=" " ind2=" " tag="300"><subfield code="a">v. :</subfield><subfield code="b">ill.</subfield></datafield><datafield ind1=" " ind2=" " tag="310"><subfield code="a">Daily (except Saturday),</subfield><subfield code="b">&lt;1883-1886&gt;</subfield></datafield><datafield ind1=" " ind2=" " tag="321"><subfield code="a">Daily (except Sunday),</subfield><subfield code="b">1874-&lt;Jan. 1876&gt;</subfield></datafield><datafield ind1="0" ind2=" " tag="362"><subfield code="a">Aug. 17, 1874-June 3, 1887.</subfield></datafield><datafield ind1=" " ind2=" " tag="500"><subfield code="a">Sunday ed. called: Davenport Sunday Democrat, &lt;1883-1886&gt;.</subfield></datafield><datafield ind1=" " ind2=" " tag="515"><subfield code="a">Issues for 1874-&lt;1883&gt; called 19th-&lt;28th&gt; year and lack issue no.</subfield></datafield><datafield ind1=" " ind2=" " tag="580"><subfield code="a">Merged with: Davenport gazette (Davenport, Iowa : 1885), to form: Democrat-gazette (Davenport, Iowa : Evening ed.), and: Democrat-gazette (Davenport, Iowa : Morning ed.).</subfield></datafield><datafield ind1=" " ind2="0" tag="651"><subfield code="a">Davenport (Iowa)</subfield><subfield code="v">Newspapers.</subfield></datafield><datafield ind1=" " ind2="0" tag="651"><subfield code="a">Scott County (Iowa)</subfield><subfield code="v">Newspapers.</subfield></datafield><datafield ind1=" " ind2="7" tag="651"><subfield code="a">Iowa</subfield><subfield code="z">Davenport.</subfield><subfield code="2">fast</subfield><subfield code="0">(OCoLC)fst01207492</subfield></datafield><datafield ind1=" " ind2="7" tag="651"><subfield code="a">Iowa</subfield><subfield code="z">Scott County.</subfield><subfield code="2">fast</subfield><subfield code="0">(OCoLC)fst01212225</subfield></datafield><datafield ind1=" " ind2="7" tag="655"><subfield code="a">Newspapers.</subfield><subfield code="2">fast</subfield><subfield code="0">(OCoLC)fst01423814</subfield></datafield><datafield ind1=" " ind2=" " tag="752"><subfield code="a">United States</subfield><subfield code="b">Iowa</subfield><subfield code="c">Scott</subfield><subfield code="d">Davenport.</subfield></datafield><datafield ind1="0" ind2=" " tag="775"><subfield code="t">Weekly Davenport Democrat</subfield><subfield code="g">Aug. 17, 1874-&lt;Aug. 9, 1886&gt;</subfield><subfield code="w">(DLC)sn 84027103</subfield><subfield code="w">(OCoLC)10874303</subfield></datafield><datafield ind1="0" ind2="0" tag="780"><subfield code="t">Daily Davenport Democrat</subfield><subfield code="w">(DLC)sn 83045646</subfield><subfield code="w">(OCoLC)9547525</subfield></datafield><datafield ind1="1" ind2="7" tag="785"><subfield code="t">Davenport gazette (Davenport, Iowa : 1885)</subfield><subfield code="w">(DLC)sn 87058154</subfield><subfield code="w">(OCoLC)15596678</subfield></datafield><datafield ind1="1" ind2="7" tag="785"><subfield code="t">Democrat-gazette (Davenport, Iowa : Evening ed.)</subfield><subfield code="w">(DLC)sn 87058159</subfield><subfield code="w">(OCoLC)15597009</subfield></datafield><datafield ind1="1" ind2="7" tag="785"><subfield code="t">Democrat-gazette (Davenport, Iowa : Morning ed.)</subfield><subfield code="w">(DLC)sn 87058162</subfield><subfield code="w">(OCoLC)15597734</subfield></datafield></record>